
@article{theodoridis2012,
	title = {Liquid chromatography{\textendash}mass spectrometry based global metabolite profiling: A review},
	author = {{Theodoridis}, {Georgios A.} and {Gika}, {Helen G.} and {Want}, {Elizabeth J.} and {Wilson}, {Ian D.}},
	year = {2012},
	month = {01},
	date = {2012-01-20},
	journal = {Analytica Chimica Acta},
	pages = {7--16},
	volume = {711},
	doi = {10.1016/j.aca.2011.09.042},
	url = {http://www.sciencedirect.com/science/article/pii/S0003267011013109}
}

@article{gika2014,
	title = {Current practice of liquid chromatography{\textendash}mass spectrometry in metabolomics and metabonomics},
	author = {{Gika}, {Helen G.} and {Theodoridis}, {Georgios A.} and {Plumb}, {Robert S.} and {Wilson}, {Ian D.}},
	year = {2014},
	month = {01},
	date = {2014-01-18},
	journal = {Journal of Pharmaceutical and Biomedical Analysis},
	pages = {12--25},
	series = {Review Papers on Pharmaceutical and Biomedical Analysis 2013},
	volume = {87},
	doi = {10.1016/j.jpba.2013.06.032},
	url = {http://www.sciencedirect.com/science/article/pii/S0731708513002926}
}

@article{gonzález-riano2020,
	title = {Recent Developments along the Analytical Process for Metabolomics Workflows},
	author = {{González-Riano}, {Carolina} and {Dudzik}, {Danuta} and {Garcia}, {Antonia} and {Gil-de-la-Fuente}, {Alberto} and {Gradillas}, {Ana} and {Godzien}, {Joanna} and {López-Gonzálvez}, {Ángeles} and {Rey-Stolle}, {Fernanda} and {Rojo}, {David} and {Ruperez}, {Francisco J.} and {Saiz}, {Jorge} and {Barbas}, {Coral}},
	year = {2020},
	month = {01},
	date = {2020-01-07},
	journal = {Analytical Chemistry},
	pages = {203--226},
	volume = {92},
	number = {1},
	doi = {10.1021/acs.analchem.9b04553},
	url = {https://doi.org/10.1021/acs.analchem.9b04553},
	note = {Publisher: American Chemical Society}
}

@article{liu2019,
	title = {New advances in analytical methods for mass spectrometry-based large-scale metabolomics study},
	author = {{Liu}, {Xinyu} and {Zhou}, {Lina} and {Shi}, {Xianzhe} and {Xu}, {Guowang}},
	year = {2019},
	month = {12},
	date = {2019-12-01},
	journal = {TrAC Trends in Analytical Chemistry},
	pages = {115665},
	volume = {121},
	doi = {10.1016/j.trac.2019.115665},
	url = {http://www.sciencedirect.com/science/article/pii/S0165993619303450},
	langid = {en}
}

@article{pezzatti2020,
	title = {Implementation of liquid chromatography{\textendash}high resolution mass spectrometry methods for untargeted metabolomic analyses of biological samples: A tutorial},
	author = {{Pezzatti}, {Julian} and {Boccard}, {Julien} and {Codesido}, {Santiago} and {Gagnebin}, {Yoric} and {Joshi}, {Abhinav} and {Picard}, {Didier} and {González-Ruiz}, {Víctor} and {Rudaz}, {Serge}},
	year = {2020},
	month = {04},
	date = {2020-04-08},
	journal = {Analytica Chimica Acta},
	pages = {28--44},
	volume = {1105},
	doi = {10.1016/j.aca.2019.12.062},
	url = {http://www.sciencedirect.com/science/article/pii/S0003267019315326},
	langid = {en}
}

@article{beale2018,
	title = {Review of recent developments in GC{\textendash}MS approaches to metabolomics-based research},
	author = {{Beale}, {David J.} and {Pinu}, {Farhana R.} and {Kouremenos}, {Konstantinos A.} and {Poojary}, {Mahesha M.} and {Narayana}, {Vinod K.} and {Boughton}, {Berin A.} and {Kanojia}, {Komal} and {Dayalan}, {Saravanan} and {Jones}, {Oliver A. H.} and {Dias}, {Daniel A.}},
	year = {2018},
	month = {11},
	date = {2018-11-17},
	journal = {Metabolomics},
	pages = {152},
	volume = {14},
	number = {11},
	doi = {10.1007/s11306-018-1449-2},
	url = {https://doi.org/10.1007/s11306-018-1449-2},
	langid = {en}
}

@article{levy2019,
	title = {Recent progress in metabolomics using ion mobility-mass spectrometry},
	author = {{Levy}, {Allison J.} and {Oranzi}, {Nicholas R.} and {Ahmadireskety}, {Atiye} and {Kemperman}, {Robin H. J.} and {Wei}, {Michael S.} and {Yost}, {Richard A.}},
	year = {2019},
	month = {07},
	date = {2019-07-01},
	journal = {TrAC Trends in Analytical Chemistry},
	pages = {274--281},
	volume = {116},
	doi = {10.1016/j.trac.2019.05.001},
	url = {http://www.sciencedirect.com/science/article/pii/S0165993618306630},
	langid = {en}
}

@article{matich2019,
	title = {Applications of metabolomics in assessing ecological effects of emerging contaminants and pollutants on plants},
	author = {{Matich}, {Eryn K.} and {Chavez Soria}, {Nita G.} and {Aga}, {Diana S.} and {Atilla-Gokcumen}, {G. Ekin}},
	year = {2019},
	month = {07},
	date = {2019-07-05},
	journal = {Journal of Hazardous Materials},
	pages = {527--535},
	volume = {373},
	doi = {10.1016/j.jhazmat.2019.02.084},
	url = {http://www.sciencedirect.com/science/article/pii/S0304389419302274},
	langid = {en}
}

@article{müller2020,
	title = {From a {\textquotedblleft}Metabolomics fashion{\textquotedblright} to a sound application of metabolomics in research on human nutrition},
	author = {{Müller}, {Manfred J.} and {Bosy-Westphal}, {Anja}},
	year = {2020},
	month = {12},
	date = {2020-12},
	journal = {European Journal of Clinical Nutrition},
	pages = {1619--1629},
	volume = {74},
	number = {12},
	doi = {10.1038/s41430-020-00781-6},
	url = {http://www.nature.com/articles/s41430-020-00781-6},
	note = {Number: 12
Publisher: Nature Publishing Group},
	langid = {en}
}

@article{viant2019,
	title = {Use cases, best practice and reporting standards for metabolomics in regulatory toxicology},
	author = {{Viant}, {Mark R.} and {Ebbels}, {Timothy M. D.} and {Beger}, {Richard D.} and {Ekman}, {Drew R.} and {Epps}, {David J. T.} and {Kamp}, {Hennicke} and {Leonards}, {Pim E. G.} and {Loizou}, {George D.} and {MacRae}, {James I.} and {van Ravenzwaay}, {Bennard} and {Rocca-Serra}, {Philippe} and {Salek}, {Reza M.} and {Walk}, {Tilmann} and {Weber}, {Ralf J. M.}},
	year = {2019},
	month = {07},
	date = {2019-07-10},
	journal = {Nature Communications},
	pages = {3041},
	volume = {10},
	number = {1},
	doi = {10.1038/s41467-019-10900-y},
	url = {http://www.nature.com/articles/s41467-019-10900-y},
	note = {Number: 1
Publisher: Nature Publishing Group},
	langid = {en}
}

@article{ali2019,
	title = {Single-cell metabolomics by mass spectrometry: Advances, challenges, and future applications},
	author = {{Ali}, {Ahmed} and {Abouleila}, {Yasmine} and {Shimizu}, {Yoshihiro} and {Hiyama}, {Eiso} and {Emara}, {Samy} and {Mashaghi}, {Alireza} and {Hankemeier}, {Thomas}},
	year = {2019},
	month = {11},
	date = {2019-11-01},
	journal = {TrAC Trends in Analytical Chemistry},
	pages = {115436},
	volume = {120},
	doi = {10.1016/j.trac.2019.02.033},
	url = {http://www.sciencedirect.com/science/article/pii/S0165993618303133},
	langid = {en}
}

@article{smirnov2016,
	title = {Challenges of metabolomics in human gut microbiota research},
	author = {{Smirnov}, {Kirill S.} and {Maier}, {Tanja V.} and {Walker}, {Alesia} and {Heinzmann}, {Silke S.} and {Forcisi}, {Sara} and {Martinez}, {Inés} and {Walter}, {Jens} and {Schmitt-Kopplin}, {Philippe}},
	year = {2016},
	month = {08},
	date = {2016-08},
	journal = {International Journal of Medical Microbiology},
	pages = {266--279},
	series = {Intestinal microbiota - a microbial ecosystem at the edge between immune homeostasis and inflammation},
	volume = {306},
	number = {5},
	doi = {10.1016/j.ijmm.2016.03.006},
	url = {http://www.sciencedirect.com/science/article/pii/S1438422116300212},
	note = {Citation Key: smirnov2016
00012}
}

@article{mangul2019,
	title = {Challenges and recommendations to improve the installability and archival stability of omics computational tools},
	author = {{Mangul}, {Serghei} and {Mosqueiro}, {Thiago} and {Abdill}, {Richard J.} and {Duong}, {Dat} and {Mitchell}, {Keith} and {Sarwal}, {Varuni} and {Hill}, {Brian} and {Brito}, {Jaqueline} and {Littman}, {Russell Jared} and {Statz}, {Benjamin} and {Lam}, {Angela Ka-Mei} and {Dayama}, {Gargi} and {Grieneisen}, {Laura} and {Martin}, {Lana S.} and {Flint}, {Jonathan} and {Eskin}, {Eleazar} and {Blekhman}, {Ran}},
	year = {2019},
	month = {06},
	date = {2019-06-20},
	journal = {PLOS Biology},
	pages = {e3000333},
	volume = {17},
	number = {6},
	doi = {10.1371/journal.pbio.3000333},
	url = {https://journals.plos.org/plosbiology/article?id=10.1371/journal.pbio.3000333},
	note = {Publisher: Public Library of Science},
	langid = {en}
}

@article{verhoeven2020,
	title = {Scientific workflow managers in metabolomics: an overview},
	author = {{Verhoeven}, {Aswin} and {Giera}, {Martin} and {Mayboroda}, {Oleg A.}},
	year = {2020},
	month = {06},
	date = {2020-06-02},
	journal = {Analyst},
	pages = {3801--3808},
	volume = {145},
	number = {11},
	doi = {10.1039/D0AN00272K},
	url = {http://pubs.rsc.org/en/content/articlelanding/2020/an/d0an00272k},
	note = {Publisher: The Royal Society of Chemistry},
	langid = {en}
}

@article{wallach2018,
	title = {Reproducible research practices, transparency, and open access data in the biomedical literature, 2015{\textendash}2017},
	author = {{Wallach}, {Joshua D.} and {Boyack}, {Kevin W.} and {Ioannidis}, {John P. A.}},
	year = {2018},
	month = {11},
	date = {2018-11-20},
	journal = {PLOS Biology},
	pages = {e2006930},
	volume = {16},
	number = {11},
	doi = {10.1371/journal.pbio.2006930},
	url = {https://journals.plos.org/plosbiology/article?id=10.1371/journal.pbio.2006930},
	langid = {en}
}

@article{hites2018,
	title = {Is Nontargeted Screening Reproducible?},
	author = {{Hites}, {Ronald A.} and {Jobst}, {Karl J.}},
	year = {2018},
	month = {11},
	date = {2018-11-06},
	journal = {Environmental Science & Technology},
	pages = {11975--11976},
	volume = {52},
	number = {21},
	doi = {10.1021/acs.est.8b05671},
	url = {https://doi.org/10.1021/acs.est.8b05671}
}

@article{considine2017,
	title = {Critical review of reporting of the data analysis step in metabolomics},
	author = {{Considine}, {E. C.} and {Thomas}, {G.} and {Boulesteix}, {A. L.} and {Khashan}, {A. S.} and {Kenny}, {L. C.}},
	year = {2017},
	month = {12},
	date = {2017-12-01},
	journal = {Metabolomics},
	pages = {7},
	volume = {14},
	number = {1},
	doi = {10.1007/s11306-017-1299-3},
	url = {https://doi.org/10.1007/s11306-017-1299-3},
	langid = {en}
}

@article{schymanski2017,
	title = {Open Science for Identifying {\textquotedblleft}Known Unknown{\textquotedblright} Chemicals},
	author = {{Schymanski}, {Emma L.} and {Williams}, {Antony J.}},
	year = {2017},
	month = {05},
	date = {2017-05-16},
	journal = {Environmental Science & Technology},
	pages = {5357--5359},
	volume = {51},
	number = {10},
	doi = {10.1021/acs.est.7b01908},
	url = {http://dx.doi.org/10.1021/acs.est.7b01908},
	note = {Citation Key: schymanski2017
00000}
}

@article{uppal2016,
	title = {Computational Metabolomics: A Framework for the Million Metabolome},
	author = {{Uppal}, {Karan} and {Walker}, {Douglas I.} and {Liu}, {Ken} and {Li}, {Shuzhao} and {Go}, {Young-Mi} and {Jones}, {Dean P.}},
	year = {2016},
	month = {12},
	date = {2016-12-19},
	journal = {Chemical Research in Toxicology},
	pages = {1956--1975},
	volume = {29},
	number = {12},
	doi = {10.1021/acs.chemrestox.6b00179},
	url = {http://dx.doi.org/10.1021/acs.chemrestox.6b00179},
	note = {Citation Key: uppal2016
00004}
}

@article{schrimpe-rutledge2016,
	title = {Untargeted Metabolomics Strategies{\textemdash}Challenges and Emerging Directions},
	author = {{Schrimpe-Rutledge}, {Alexandra C.} and {Codreanu}, {Simona G.} and {Sherrod}, {Stacy D.} and {McLean}, {John A.}},
	year = {2016},
	month = {12},
	date = {2016-12-01},
	journal = {Journal of The American Society for Mass Spectrometry},
	pages = {1897--1905},
	volume = {27},
	number = {12},
	doi = {10.1007/s13361-016-1469-y},
	url = {http://link.springer.com/article/10.1007/s13361-016-1469-y},
	note = {Citation Key: schrimpe-rutledge2016
00001},
	langid = {en}
}

@article{wolfender2015,
	title = {Current approaches and challenges for the metabolite profiling of complex natural extracts},
	author = {{Wolfender}, {Jean-Luc} and {Marti}, {Guillaume} and {Thomas}, {Aurélien} and {Bertrand}, {Samuel}},
	year = {2015},
	month = {02},
	date = {2015-02-20},
	journal = {Journal of Chromatography A},
	pages = {136--164},
	series = {Editors' Choice IX},
	volume = {1382},
	doi = {10.1016/j.chroma.2014.10.091},
	url = {http://www.sciencedirect.com/science/article/pii/S0021967314017038}
}

@article{jacyna2019,
	title = {Design of Experiments in metabolomics-related studies: An overview},
	author = {{Jacyna}, {Julia} and {Kordalewska}, {Marta} and {Markuszewski}, {Micha{\l} J.}},
	year = {2019},
	month = {02},
	date = {2019-02-05},
	journal = {Journal of Pharmaceutical and Biomedical Analysis},
	pages = {598--606},
	volume = {164},
	doi = {10.1016/j.jpba.2018.11.027},
	url = {http://www.sciencedirect.com/science/article/pii/S0731708518317229},
	langid = {en}
}

@book{box2005,
	title = {Statistics for Experimenters},
	author = {{Box}, {George E. P.} and {Hunter}, {J. Stuart} and {Hunter}, {William G.}},
	year = {2005},
	month = {05},
	date = {2005-05},
	publisher = {Wiley-Interscience},
	url = {https://book.douban.com/subject/1775779/}
}

@article{nyamundanda2013,
	title = {MetSizeR: selecting the optimal sample size for metabolomic studies using an analysis based approach},
	author = {{Nyamundanda}, {Gift} and {Gormley}, {Isobel Claire} and {Fan}, {Yue} and {Gallagher}, {William M.} and {Brennan}, {Lorraine}},
	year = {2013},
	date = {2013},
	journal = {BMC Bioinformatics},
	pages = {338},
	volume = {14},
	doi = {10.1186/1471-2105-14-338},
	url = {http://dx.doi.org/10.1186/1471-2105-14-338},
	note = {Citation Key: nyamundanda2013
00010}
}

@article{hughes2014,
	title = {MSPrep{\textemdash}Summarization, normalization and diagnostics for processing of mass spectrometry{\textendash}based metabolomic data},
	author = {{Hughes}, {Grant} and {Cruickshank-Quinn}, {Charmion} and {Reisdorph}, {Richard} and {Lutz}, {Sharon} and {Petrache}, {Irina} and {Reisdorph}, {Nichole} and {Bowler}, {Russell} and {Kechris}, {Katerina}},
	year = {2014},
	month = {01},
	date = {2014-01-01},
	journal = {Bioinformatics},
	pages = {133--134},
	volume = {30},
	number = {1},
	doi = {10.1093/bioinformatics/btt589},
	url = {http://www.ncbi.nlm.nih.gov/pmc/articles/PMC3866554/},
	note = {Citation Key: hughes2014
00012 
PMID: 24174567
PMCID: PMC3866554}
}

@article{choi2014,
	title = {MSstats: an R package for statistical analysis of quantitative mass spectrometry-based proteomic experiments},
	author = {{Choi}, {Meena} and {Chang}, {Ching-Yun} and {Clough}, {Timothy} and {Broudy}, {Daniel} and {Killeen}, {Trevor} and {MacLean}, {Brendan} and {Vitek}, {Olga}},
	year = {2014},
	month = {09},
	date = {2014-09-01},
	journal = {Bioinformatics},
	pages = {2524--2526},
	volume = {30},
	number = {17},
	doi = {10.1093/bioinformatics/btu305},
	url = {https://academic.oup.com/bioinformatics/article/30/17/2524/2748156/MSstats-an-R-package-for-statistical-analysis-of},
	note = {Citation Key: choi2014
00122}
}

@article{yu2017,
	title = {Evaluation and reduction of the analytical uncertainties in GC-MS analysis using a boundary regression model},
	author = {{Yu}, {Miao} and {Hou}, {Xingwang} and {Liu}, {Qian} and {Wang}, {Yawei} and {Liu}, {Jiyan} and {Jiang}, {Guibin}},
	year = {2017},
	month = {03},
	date = {2017-03-01},
	journal = {Talanta},
	pages = {141--147},
	volume = {164},
	doi = {10.1016/j.talanta.2016.11.046},
	url = {http://www.sciencedirect.com/science/article/pii/S0039914016309298},
	note = {Citation Key: yu2017
00000}
}

@article{saccenti2016,
	title = {Approaches to Sample Size Determination for Multivariate Data: Applications to PCA and PLS-DA of Omics Data},
	author = {{Saccenti}, {Edoardo} and {Timmerman}, {Marieke E.}},
	year = {2016},
	month = {08},
	date = {2016-08-05},
	journal = {Journal of Proteome Research},
	pages = {2379--2393},
	volume = {15},
	number = {8},
	doi = {10.1021/acs.jproteome.5b01029},
	url = {http://dx.doi.org/10.1021/acs.jproteome.5b01029},
	note = {Citation Key: saccenti2016
00006}
}

@article{blaise2013,
	title = {Data-Driven Sample Size Determination for Metabolic Phenotyping Studies},
	author = {{Blaise}, {Benjamin J.}},
	year = {2013},
	month = {10},
	date = {2013-10-01},
	journal = {Analytical Chemistry},
	pages = {8943--8950},
	volume = {85},
	number = {19},
	doi = {10.1021/ac4022314},
	url = {https://doi.org/10.1021/ac4022314}
}

@article{phapale2020,
	title = {Untargeted Metabolomics Workshop Report: Quality Control Considerations from Sample Preparation to Data Analysis},
	author = {{Phapale}, {Prasad} and {Rai}, {Vineeta} and {Mohanty}, {Ashok Kumar} and {Srivastava}, {Sanjeeva}},
	year = {2020},
	month = {09},
	date = {2020-09-02},
	journal = {Journal of the American Society for Mass Spectrometry},
	pages = {2006--2010},
	volume = {31},
	number = {9},
	doi = {10.1021/jasms.0c00224},
	url = {https://doi.org/10.1021/jasms.0c00224},
	note = {Publisher: American Society for Mass Spectrometry. Published by the American Chemical Society. All rights reserved.}
}

@article{dudzik2018,
	title = {Quality assurance procedures for mass spectrometry untargeted metabolomics. a review},
	author = {{Dudzik}, {Danuta} and {Barbas-Bernardos}, {Cecilia} and {García}, {Antonia} and {Barbas}, {Coral}},
	year = {2018},
	month = {01},
	date = {2018-01-05},
	journal = {Journal of Pharmaceutical and Biomedical Analysis},
	pages = {149--173},
	series = {Review issue 2017},
	volume = {147},
	doi = {10.1016/j.jpba.2017.07.044},
	url = {http://www.sciencedirect.com/science/article/pii/S0731708517315911}
}

@article{dunn2012,
	title = {The importance of experimental design and QC samples in large-scale and MS-driven untargeted metabolomic studies of humans},
	author = {{Dunn}, {Warwick B} and {Wilson}, {Ian D} and {Nicholls}, {Andrew W} and {Broadhurst}, {David}},
	year = {2012},
	month = {09},
	date = {2012-09-01},
	journal = {Bioanalysis},
	pages = {2249--2264},
	volume = {4},
	number = {18},
	doi = {10.4155/bio.12.204},
	url = {https://www.future-science.com/doi/abs/10.4155/bio.12.204},
	note = {Citation Key Alias: dunn2012a, dunn2012b}
}

@article{jang2018,
	title = {Metabolomics and Isotope Tracing},
	author = {{Jang}, {Cholsoon} and {Chen}, {Li} and {Rabinowitz}, {Joshua D.}},
	year = {2018},
	month = {05},
	date = {2018-05-03},
	journal = {Cell},
	pages = {822--837},
	volume = {173},
	number = {4},
	doi = {10.1016/j.cell.2018.03.055},
	url = {http://www.sciencedirect.com/science/article/pii/S0092867418303878},
	langid = {en}
}

@article{oberg2009,
	title = {Statistical Design of Quantitative Mass Spectrometry-Based Proteomic Experiments},
	author = {{Oberg}, {Ann L.} and {Vitek}, {Olga}},
	year = {2009},
	month = {05},
	date = {2009-05-01},
	journal = {Journal of Proteome Research},
	pages = {2144--2156},
	volume = {8},
	number = {5},
	doi = {10.1021/pr8010099},
	url = {http://dx.doi.org/10.1021/pr8010099},
	note = {Citation Key: oberg2009
00156}
}

@article{benjamini1995,
	title = {Controlling the False Discovery Rate: A Practical and Powerful Approach to Multiple Testing},
	author = {{Benjamini}, {Yoav} and {Hochberg}, {Yosef}},
	year = {1995},
	date = {1995},
	journal = {Journal of the Royal Statistical Society. Series B (Methodological)},
	pages = {289--300},
	volume = {57},
	number = {1},
	url = {https://www.jstor.org/stable/2346101}
}

@article{blaise2016a,
	title = {Power Analysis and Sample Size Determination in Metabolic Phenotyping},
	author = {{Blaise}, {Benjamin J.} and {Correia}, {Gonçalo} and {Tin}, {Adrienne} and {Young}, {J. Hunter} and {Vergnaud}, {Anne-Claire} and {Lewis}, {Matthew} and {Pearce}, {Jake T. M.} and {Elliott}, {Paul} and {Nicholson}, {Jeremy K.} and {Holmes}, {Elaine} and {Ebbels}, {Timothy M. D.}},
	year = {2016},
	month = {05},
	date = {2016-05-17},
	journal = {Analytical Chemistry},
	pages = {5179--5188},
	volume = {88},
	number = {10},
	doi = {10.1021/acs.analchem.6b00188},
	url = {http://dx.doi.org/10.1021/acs.analchem.6b00188},
	note = {Citation Key: blaise2016a
00003}
}

@article{najdekr2016,
	title = {Influence of Mass Resolving Power in Orbital Ion-Trap Mass Spectrometry-Based Metabolomics},
	author = {{Najdekr}, {Luká{\v{s}}} and {Friedecký}, {David} and {Tautenhahn}, {Ralf} and {Pluskal}, {Tomá{\v{s}}} and {Wang}, {Junhua} and {Huang}, {Yingying} and {Adam}, {Tomá{\v{s}}}},
	year = {2016},
	month = {12},
	date = {2016-12-06},
	journal = {Analytical Chemistry},
	pages = {11429--11435},
	volume = {88},
	number = {23},
	doi = {10.1021/acs.analchem.6b02319},
	url = {http://dx.doi.org/10.1021/acs.analchem.6b02319},
	note = {Citation Key: najdekr2016
00001}
}

@article{b.dunn2011,
	title = {Systems level studies of mammalian metabolomes: the roles of mass spectrometry and nuclear magnetic resonance spectroscopy},
	author = {{B. Dunn}, {Warwick} and {I. Broadhurst}, {David} and {J. Atherton}, {Helen} and {Goodacre}, {Royston} and {L. Griffin}, {Julian}},
	year = {2011},
	date = {2011},
	journal = {Chemical Society Reviews},
	pages = {387--426},
	volume = {40},
	number = {1},
	doi = {10.1039/B906712B},
	url = {https://pubs.rsc.org/en/content/articlelanding/2011/cs/b906712b},
	langid = {en}
}

@article{tian2016,
	title = {Web Server for Peak Detection, Baseline Correction, and Alignment in Two-Dimensional Gas Chromatography Mass Spectrometry-Based Metabolomics Data},
	author = {{Tian}, {Tze-Feng} and {Wang}, {San-Yuan} and {Kuo}, {Tien-Chueh} and {Tan}, {Cheng-En} and {Chen}, {Guan-Yuan} and {Kuo}, {Ching-Hua} and {Chen}, {Chi-Hsin Sally} and {Chan}, {Chang-Chuan} and {Lin}, {Olivia A.} and {Tseng}, {Y. Jane}},
	year = {2016},
	month = {11},
	date = {2016-11-01},
	journal = {Analytical Chemistry},
	pages = {10395--10403},
	volume = {88},
	number = {21},
	doi = {10.1021/acs.analchem.6b00755},
	url = {http://dx.doi.org/10.1021/acs.analchem.6b00755},
	note = {Citation Key: tian2016
00002}
}

@article{begou2017,
	title = {Hyphenated MS-based targeted approaches in metabolomics},
	author = {{Begou}, {O.} and {G. Gika}, {H.} and {D. Wilson}, {I.} and {Theodoridis}, {G.}},
	year = {2017},
	date = {2017},
	journal = {Analyst},
	pages = {3079--3100},
	volume = {142},
	number = {17},
	doi = {10.1039/C7AN00812K},
	url = {http://pubs.rsc.org/en/Content/ArticleLanding/2017/AN/C7AN00812K},
	note = {Citation Key: begou2017
00000},
	langid = {en}
}

@article{begou2017a,
	title = {Hyphenated MS-based targeted approaches in metabolomics},
	author = {{Begou}, {O.} and {G. Gika}, {H.} and {D. Wilson}, {I.} and {Theodoridis}, {G.}},
	year = {2017},
	date = {2017},
	journal = {Analyst},
	pages = {3079--3100},
	volume = {142},
	number = {17},
	doi = {10.1039/C7AN00812K},
	url = {http://pubs.rsc.org/en/Content/ArticleLanding/2017/AN/C7AN00812K},
	note = {Citation Key: begou2017
00000},
	langid = {en}
}

@inbook{kusonmano2016,
	title = {Informatics for Metabolomics},
	author = {{Kusonmano}, {Kanthida} and {Vongsangnak}, {Wanwipa} and {Chumnanpuen}, {Pramote}},
	year = {2016},
	date = {2016},
	publisher = {Springer, Singapore},
	pages = {91--115},
	series = {Advances in Experimental Medicine and Biology},
	url = {https://link.springer.com/chapter/10.1007/978-981-10-1503-8_5},
	note = {Citation Key: kusonmano2016
00000 
DOI: 10.1007/978-981-10-1503-8{\_}5},
	langid = {en}
}

@article{madsen2010,
	title = {Chemometrics in metabolomics{\textemdash}A review in human disease diagnosis},
	author = {{Madsen}, {Rasmus} and {Lundstedt}, {Torbjörn} and {Trygg}, {Johan}},
	year = {2010},
	month = {02},
	date = {2010-02-05},
	journal = {Analytica Chimica Acta},
	pages = {23--33},
	volume = {659},
	number = {1},
	doi = {10.1016/j.aca.2009.11.042},
	url = {http://www.sciencedirect.com/science/article/pii/S0003267009015530}
}

@article{barnes2016a,
	title = {Training in metabolomics research. I. Designing the experiment, collecting and extracting samples and generating metabolomics data},
	author = {{Barnes}, {Stephen} and {Benton}, {H. Paul} and {Casazza}, {Krista} and {Cooper}, {Sara J.} and {Cui}, {Xiangqin} and {Du}, {Xiuxia} and {Engler}, {Jeffrey} and {Kabarowski}, {Janusz H.} and {Li}, {Shuzhao} and {Pathmasiri}, {Wimal} and {Prasain}, {Jeevan K.} and {Renfrow}, {Matthew B.} and {Tiwari}, {Hemant K.}},
	year = {2016},
	month = {07},
	date = {2016-07-01},
	journal = {Journal of Mass Spectrometry},
	pages = {461--475},
	volume = {51},
	number = {7},
	doi = {10.1002/jms.3782},
	url = {http://onlinelibrary.wiley.com/doi/10.1002/jms.3782/abstract},
	note = {Citation Key: barnes2016a
00002},
	langid = {en}
}

@article{cajka2016,
	title = {Toward Merging Untargeted and Targeted Methods in Mass Spectrometry-Based Metabolomics and Lipidomics},
	author = {{Cajka}, {Tomas} and {Fiehn}, {Oliver}},
	year = {2016},
	month = {01},
	date = {2016-01-05},
	journal = {Analytical Chemistry},
	pages = {524--545},
	volume = {88},
	number = {1},
	doi = {10.1021/acs.analchem.5b04491},
	url = {http://dx.doi.org/10.1021/acs.analchem.5b04491},
	note = {Citation Key: cajka2016
00029}
}

@inbook{lu2008,
	title = {LC-MS Metabonomics Methodology in Biomarker Discovery},
	author = {{Lu}, {Xin} and {Xu}, {Guowang}},
	editor = {{Wang}, {Feng}},
	year = {2008},
	month = {01},
	date = {2008-01-01},
	publisher = {Humana Press},
	pages = {291--315},
	series = {Methods in Pharmacology and Toxicology{\texttrademark}},
	url = {http://dx.doi.org/10.1007/978-1-59745-463-6_14},
	note = {Citation Key: lu2008
00000 
DOI: 10.1007/978-1-59745-463-6{\_}14},
	langid = {English}
}

@article{fiehn2002,
	title = {Metabolomics {\textendash} the link between genotypes and phenotypes},
	author = {{Fiehn}, {Oliver}},
	year = {2002},
	month = {01},
	date = {2002-01-01},
	journal = {Plant Molecular Biology},
	pages = {155--171},
	volume = {48},
	number = {1},
	doi = {10.1023/A:1013713905833},
	url = {https://doi.org/10.1023/A:1013713905833},
	langid = {en}
}

@article{zhou2016,
	title = {Strategies for large-scale targeted metabolomics quantification by liquid chromatography-mass spectrometry},
	author = {{Zhou}, {Juntuo} and {Yin}, {Yuxin}},
	year = {2016},
	month = {11},
	date = {2016-11-14},
	journal = {Analyst},
	pages = {6362--6373},
	volume = {141},
	number = {23},
	doi = {10.1039/C6AN01753C},
	url = {http://pubs.rsc.org/en/content/articlelanding/2016/an/c6an01753c},
	note = {Citation Key: zhou2016
00002},
	langid = {en}
}

@article{zhou2016a,
	title = {Strategies for large-scale targeted metabolomics quantification by liquid chromatography-mass spectrometry},
	author = {{Zhou}, {Juntuo} and {Yin}, {Yuxin}},
	year = {2016},
	month = {11},
	date = {2016-11-14},
	journal = {Analyst},
	pages = {6362--6373},
	volume = {141},
	number = {23},
	doi = {10.1039/C6AN01753C},
	url = {http://pubs.rsc.org/en/content/articlelanding/2016/an/c6an01753c},
	note = {Citation Key: zhou2016
00002},
	langid = {en}
}

@article{griffiths2010,
	title = {Targeted Metabolomics for Biomarker Discovery},
	author = {{Griffiths}, {William J.} and {Koal}, {Therese} and {Wang}, {Yuqin} and {Kohl}, {Matthias} and {Enot}, {David P.} and {Deigner}, {Hans-Peter}},
	year = {2010},
	month = {07},
	date = {2010-07-26},
	journal = {Angewandte Chemie International Edition},
	pages = {5426--5445},
	volume = {49},
	number = {32},
	doi = {10.1002/anie.200905579},
	url = {https://onlinelibrary.wiley.com/doi/abs/10.1002/anie.200905579},
	langid = {en}
}

@article{griffiths2010a,
	title = {Targeted Metabolomics for Biomarker Discovery},
	author = {{Griffiths}, {William J.} and {Koal}, {Therese} and {Wang}, {Yuqin} and {Kohl}, {Matthias} and {Enot}, {David P.} and {Deigner}, {Hans-Peter}},
	year = {2010},
	month = {07},
	date = {2010-07-26},
	journal = {Angewandte Chemie International Edition},
	pages = {5426--5445},
	volume = {49},
	number = {32},
	doi = {10.1002/anie.200905579},
	url = {https://onlinelibrary.wiley.com/doi/abs/10.1002/anie.200905579},
	langid = {en}
}

@article{lu2008a,
	title = {Analytical strategies for LC{\textendash}MS-based targeted metabolomics},
	author = {{Lu}, {Wenyun} and {Bennett}, {Bryson D.} and {Rabinowitz}, {Joshua D.}},
	year = {2008},
	month = {08},
	date = {2008-08-15},
	journal = {Journal of Chromatography B},
	pages = {236--242},
	series = {Hyphenated Techniques for Global Metabolite Profiling},
	volume = {871},
	number = {2},
	doi = {10.1016/j.jchromb.2008.04.031},
	url = {http://www.sciencedirect.com/science/article/pii/S1570023208002845}
}

@article{weljie2006,
	title = {Targeted Profiling:{\hspace{0.167em}} Quantitative Analysis of 1H NMR Metabolomics Data},
	author = {{Weljie}, {Aalim M.} and {Newton}, {Jack} and {Mercier}, {Pascal} and {Carlson}, {Erin} and {Slupsky}, {Carolyn M.}},
	year = {2006},
	month = {07},
	date = {2006-07-01},
	journal = {Analytical Chemistry},
	pages = {4430--4442},
	volume = {78},
	number = {13},
	doi = {10.1021/ac060209g},
	url = {https://doi.org/10.1021/ac060209g}
}

@article{yuan2012,
	title = {A positive/negative ion{\textendash}switching, targeted mass spectrometry{\textendash}based metabolomics platform for bodily fluids, cells, and fresh and fixed tissue},
	author = {{Yuan}, {Min} and {Breitkopf}, {Susanne B.} and {Yang}, {Xuemei} and {Asara}, {John M.}},
	year = {2012},
	month = {05},
	date = {2012-05},
	journal = {Nature Protocols},
	pages = {872--881},
	volume = {7},
	number = {5},
	doi = {10.1038/nprot.2012.024},
	url = {https://www.nature.com/articles/nprot.2012.024},
	langid = {en}
}

@article{zhou2016b,
	title = {Strategies for large-scale targeted metabolomics quantification by liquid chromatography-mass spectrometry},
	author = {{Zhou}, {Juntuo} and {Yin}, {Yuxin}},
	year = {2016},
	month = {11},
	date = {2016-11-14},
	journal = {Analyst},
	pages = {6362--6373},
	volume = {141},
	number = {23},
	doi = {10.1039/C6AN01753C},
	url = {http://pubs.rsc.org/en/content/articlelanding/2016/an/c6an01753c},
	note = {Citation Key: zhou2016
00002},
	langid = {en}
}

@article{begou2017b,
	title = {Hyphenated MS-based targeted approaches in metabolomics},
	author = {{Begou}, {O.} and {G. Gika}, {H.} and {D. Wilson}, {I.} and {Theodoridis}, {G.}},
	year = {2017},
	date = {2017},
	journal = {Analyst},
	pages = {3079--3100},
	volume = {142},
	number = {17},
	doi = {10.1039/C7AN00812K},
	url = {http://pubs.rsc.org/en/Content/ArticleLanding/2017/AN/C7AN00812K},
	note = {Citation Key: begou2017
00000},
	langid = {en}
}

@article{barnes2016,
	title = {Training in metabolomics research. II. Processing and statistical analysis of metabolomics data, metabolite identification, pathway analysis, applications of metabolomics and its future},
	author = {{Barnes}, {Stephen} and {Benton}, {H. Paul} and {Casazza}, {Krista} and {Cooper}, {Sara J.} and {Cui}, {Xiangqin} and {Du}, {Xiuxia} and {Engler}, {Jeffrey} and {Kabarowski}, {Janusz H.} and {Li}, {Shuzhao} and {Pathmasiri}, {Wimal} and {Prasain}, {Jeevan K.} and {Renfrow}, {Matthew B.} and {Tiwari}, {Hemant K.}},
	year = {2016},
	month = {08},
	date = {2016-08-01},
	journal = {Journal of Mass Spectrometry},
	pages = {535--548},
	volume = {51},
	number = {8},
	doi = {10.1002/jms.3780},
	url = {http://onlinelibrary.wiley.com/doi/10.1002/jms.3780/abstract},
	note = {Citation Key: barnes2016
00000},
	langid = {en}
}

@inbook{kusonmano2016a,
	title = {Informatics for Metabolomics},
	author = {{Kusonmano}, {Kanthida} and {Vongsangnak}, {Wanwipa} and {Chumnanpuen}, {Pramote}},
	year = {2016},
	date = {2016},
	publisher = {Springer, Singapore},
	pages = {91--115},
	series = {Advances in Experimental Medicine and Biology},
	url = {https://link.springer.com/chapter/10.1007/978-981-10-1503-8_5},
	note = {Citation Key: kusonmano2016
00000 
DOI: 10.1007/978-981-10-1503-8{\_}5},
	langid = {en}
}

@article{madsen2010a,
	title = {Chemometrics in metabolomics{\textemdash}A review in human disease diagnosis},
	author = {{Madsen}, {Rasmus} and {Lundstedt}, {Torbjörn} and {Trygg}, {Johan}},
	year = {2010},
	month = {02},
	date = {2010-02-05},
	journal = {Analytica Chimica Acta},
	pages = {23--33},
	volume = {659},
	number = {1},
	doi = {10.1016/j.aca.2009.11.042},
	url = {http://www.sciencedirect.com/science/article/pii/S0003267009015530}
}

@article{uppal2016a,
	title = {Computational Metabolomics: A Framework for the Million Metabolome},
	author = {{Uppal}, {Karan} and {Walker}, {Douglas I.} and {Liu}, {Ken} and {Li}, {Shuzhao} and {Go}, {Young-Mi} and {Jones}, {Dean P.}},
	year = {2016},
	month = {12},
	date = {2016-12-19},
	journal = {Chemical Research in Toxicology},
	pages = {1956--1975},
	volume = {29},
	number = {12},
	doi = {10.1021/acs.chemrestox.6b00179},
	url = {http://dx.doi.org/10.1021/acs.chemrestox.6b00179},
	note = {Citation Key: uppal2016
00004}
}

@article{alonso2015,
	title = {Analytical Methods in Untargeted Metabolomics: State of the Art in 2015},
	author = {{Alonso}, {Arnald} and {Marsal}, {Sara} and {Julià}, {Antonio}},
	year = {2015},
	month = {03},
	date = {2015-03-05},
	journal = {Frontiers in Bioengineering and Biotechnology},
	volume = {3},
	doi = {10.3389/fbioe.2015.00023},
	url = {http://www.ncbi.nlm.nih.gov/pmc/articles/PMC4350445/},
	note = {Citation Key: alonso2015
00058 
PMID: 25798438
PMCID: PMC4350445}
}

@article{gromski2015,
	title = {A tutorial review: Metabolomics and partial least squares-discriminant analysis {\textendash} a marriage of convenience or a shotgun wedding},
	author = {{Gromski}, {Piotr S.} and {Muhamadali}, {Howbeer} and {Ellis}, {David I.} and {Xu}, {Yun} and {Correa}, {Elon} and {Turner}, {Michael L.} and {Goodacre}, {Royston}},
	year = {2015},
	month = {06},
	date = {2015-06-16},
	journal = {Analytica Chimica Acta},
	pages = {10--23},
	volume = {879},
	doi = {10.1016/j.aca.2015.02.012},
	url = {http://www.sciencedirect.com/science/article/pii/S0003267015001889}
}

@article{gromski2015a,
	title = {A tutorial review: Metabolomics and partial least squares-discriminant analysis {\textendash} a marriage of convenience or a shotgun wedding},
	author = {{Gromski}, {Piotr S.} and {Muhamadali}, {Howbeer} and {Ellis}, {David I.} and {Xu}, {Yun} and {Correa}, {Elon} and {Turner}, {Michael L.} and {Goodacre}, {Royston}},
	year = {2015},
	month = {06},
	date = {2015-06-16},
	journal = {Analytica Chimica Acta},
	pages = {10--23},
	volume = {879},
	doi = {10.1016/j.aca.2015.02.012},
	url = {http://www.sciencedirect.com/science/article/pii/S0003267015001889}
}

@article{domingo-almenara2018,
	title = {Annotation: A Computational Solution for Streamlining Metabolomics Analysis},
	author = {{Domingo-Almenara}, {Xavier} and {Montenegro-Burke}, {J. Rafael} and {Benton}, {H. Paul} and {Siuzdak}, {Gary}},
	year = {2018},
	month = {01},
	date = {2018-01-02},
	journal = {Analytical Chemistry},
	pages = {480--489},
	volume = {90},
	number = {1},
	doi = {10.1021/acs.analchem.7b03929},
	url = {http://dx.doi.org/10.1021/acs.analchem.7b03929}
}

@article{vinaixa2016,
	title = {Mass spectral databases for LC/MS- and GC/MS-based metabolomics: State of the field and future prospects},
	author = {{Vinaixa}, {Maria} and {Schymanski}, {Emma L.} and {Neumann}, {Steffen} and {Navarro}, {Miriam} and {Salek}, {Reza M.} and {Yanes}, {Oscar}},
	year = {2016},
	month = {04},
	date = {2016-04-01},
	journal = {TrAC Trends in Analytical Chemistry},
	pages = {23--35},
	volume = {78},
	doi = {10.1016/j.trac.2015.09.005},
	url = {http://www.sciencedirect.com/science/article/pii/S0165993615300832}
}

@article{misra2016,
	title = {Updates in metabolomics tools and resources: 2014{\textendash}2015},
	author = {{Misra}, {Biswapriya B.} and {van der Hooft}, {Justin J. J.}},
	year = {2016},
	month = {01},
	date = {2016-01-01},
	journal = {ELECTROPHORESIS},
	pages = {86--110},
	volume = {37},
	number = {1},
	doi = {10.1002/elps.201500417},
	url = {http://onlinelibrary.wiley.com/doi/10.1002/elps.201500417/abstract},
	langid = {en}
}

@article{misra2017,
	title = {Review of emerging metabolomic tools and resources: 2015{\textendash}2016},
	author = {{Misra}, {Biswapriya B.} and {Fahrmann}, {Johannes F.} and {Grapov}, {Dmitry}},
	year = {2017},
	month = {09},
	date = {2017-09-01},
	journal = {ELECTROPHORESIS},
	pages = {2257--2274},
	volume = {38},
	number = {18},
	doi = {10.1002/elps.201700110},
	url = {https://onlinelibrary.wiley.com/doi/abs/10.1002/elps.201700110},
	langid = {en}
}

@article{misra2018,
	title = {New tools and resources in metabolomics: 2016{\textendash}2017},
	author = {{Misra}, {Biswapriya B.}},
	year = {2018},
	month = {04},
	date = {2018-04-01},
	journal = {ELECTROPHORESIS},
	pages = {909--923},
	volume = {39},
	number = {7},
	doi = {10.1002/elps.201700441},
	url = {https://onlinelibrary.wiley.com/doi/abs/10.1002/elps.201700441},
	langid = {en}
}

@article{spicer2017,
	title = {Navigating freely-available software tools for metabolomics analysis},
	author = {{Spicer}, {Rachel} and {Salek}, {Reza M.} and {Moreno}, {Pablo} and {Cañueto}, {Daniel} and {Steinbeck}, {Christoph}},
	year = {2017},
	date = {2017},
	journal = {Metabolomics},
	volume = {13},
	number = {9},
	doi = {10.1007/s11306-017-1242-7},
	url = {https://www.ncbi.nlm.nih.gov/pmc/articles/PMC5550549/},
	note = {PMID: 28890673
PMCID: PMC5550549}
}

@article{fenaille2017,
	title = {Data acquisition workflows in liquid chromatography coupled to high resolution mass spectrometry-based metabolomics: Where do we stand?},
	author = {{Fenaille}, {François} and {Barbier Saint-Hilaire}, {Pierre} and {Rousseau}, {Kathleen} and {Junot}, {Christophe}},
	year = {2017},
	month = {12},
	date = {2017-12-01},
	journal = {Journal of Chromatography A},
	pages = {1--12},
	volume = {1526},
	number = {Supplement C},
	doi = {10.1016/j.chroma.2017.10.043},
	url = {http://www.sciencedirect.com/science/article/pii/S0021967317315303},
	note = {Citation Key: fenaille2017
00000}
}

@article{bilbao2015,
	title = {Processing strategies and software solutions for data-independent acquisition in mass spectrometry},
	author = {{Bilbao}, {Aivett} and {Varesio}, {Emmanuel} and {Luban}, {Jeremy} and {Strambio{-}De{-}Castillia}, {Caterina} and {Hopfgartner}, {Gérard} and {Müller}, {Markus} and {Lisacek}, {Frédérique}},
	year = {2015},
	month = {03},
	date = {2015-03-01},
	journal = {PROTEOMICS},
	pages = {964--980},
	volume = {15},
	number = {5-6},
	doi = {10.1002/pmic.201400323},
	url = {https://onlinelibrary.wiley.com/doi/abs/10.1002/pmic.201400323},
	langid = {en}
}

@article{matich2019a,
	title = {Applications of metabolomics in assessing ecological effects of emerging contaminants and pollutants on plants},
	author = {{Matich}, {Eryn K.} and {Chavez Soria}, {Nita G.} and {Aga}, {Diana S.} and {Atilla-Gokcumen}, {G. Ekin}},
	year = {2019},
	month = {07},
	date = {2019-07-05},
	journal = {Journal of Hazardous Materials},
	pages = {527--535},
	volume = {373},
	doi = {10.1016/j.jhazmat.2019.02.084},
	url = {http://www.sciencedirect.com/science/article/pii/S0304389419302274},
	langid = {en}
}

@article{tang2020,
	title = {Advances in mass spectrometry-based omics analysis of trace organics in water},
	author = {{Tang}, {Yanan} and {Craven}, {Caley B.} and {Wawryk}, {Nicholas J. P.} and {Qiu}, {Junlang} and {Li}, {Feng} and {Li}, {Xing-Fang}},
	year = {2020},
	month = {07},
	date = {2020-07-01},
	journal = {TrAC Trends in Analytical Chemistry},
	pages = {115918},
	volume = {128},
	doi = {10.1016/j.trac.2020.115918},
	url = {http://www.sciencedirect.com/science/article/pii/S0165993620301473},
	langid = {en}
}

@article{warth2017,
	title = {Exposome-Scale Investigations Guided by Global Metabolomics, Pathway Analysis, and Cognitive Computing},
	author = {{Warth}, {Benedikt} and {Spangler}, {Scott} and {Fang}, {Mingliang} and {Johnson}, {Caroline H.} and {Forsberg}, {Erica M.} and {Granados}, {Ana} and {Martin}, {Richard L.} and {Domingo-Almenara}, {Xavier} and {Huan}, {Tao} and {Rinehart}, {Duane} and {Montenegro-Burke}, {J. Rafael} and {Hilmers}, {Brian} and {Aisporna}, {Aries} and {Hoang}, {Linh T.} and {Uritboonthai}, {Winnie} and {Benton}, {H. Paul} and {Richardson}, {Susan D.} and {Williams}, {Antony J.} and {Siuzdak}, {Gary}},
	year = {2017},
	month = {11},
	date = {2017-11-07},
	journal = {Analytical Chemistry},
	pages = {11505--11513},
	volume = {89},
	number = {21},
	doi = {10.1021/acs.analchem.7b02759},
	url = {http://dx.doi.org/10.1021/acs.analchem.7b02759},
	note = {Citation Key: warth2017
00003}
}

@article{bundy2009,
	title = {Environmental metabolomics: a critical review and future perspectives},
	author = {{Bundy}, {Jacob G.} and {Davey}, {Matthew P.} and {Viant}, {Mark R.}},
	year = {2009},
	month = {03},
	date = {2009-03-01},
	journal = {Metabolomics},
	pages = {3},
	volume = {5},
	number = {1},
	doi = {10.1007/s11306-008-0152-0},
	url = {https://link.springer.com/article/10.1007/s11306-008-0152-0},
	langid = {en}
}

@article{wishart2016,
	title = {Emerging applications of metabolomics in drug discovery and precision medicine},
	author = {{Wishart}, {David S.}},
	year = {2016},
	month = {07},
	date = {2016-07},
	journal = {Nature Reviews Drug Discovery},
	pages = {473--484},
	volume = {15},
	number = {7},
	doi = {10.1038/nrd.2016.32},
	url = {http://www.nature.com/nrd/journal/v15/n7/full/nrd.2016.32.html},
	note = {Citation Key: wishart2016
00055},
	langid = {en}
}

@article{castro-puyana2017,
	title = {Application of mass spectrometry-based metabolomics approaches for food safety, quality and traceability},
	author = {{Castro-Puyana}, {María} and {Pérez-Míguez}, {Raquel} and {Montero}, {Lidia} and {Herrero}, {Miguel}},
	year = {2017},
	month = {08},
	date = {2017-08-01},
	journal = {TrAC Trends in Analytical Chemistry},
	pages = {102--118},
	volume = {93},
	doi = {10.1016/j.trac.2017.05.004},
	url = {http://www.sciencedirect.com/science/article/pii/S0165993617301371},
	note = {Citation Key: castro-puyana2017
00000}
}

@article{goldansaz2017,
	title = {Livestock metabolomics and the livestock metabolome: A systematic review},
	author = {{Goldansaz}, {Seyed Ali} and {Guo}, {An Chi} and {Sajed}, {Tanvir} and {Steele}, {Michael A.} and {Plastow}, {Graham S.} and {Wishart}, {David S.}},
	year = {2017},
	month = {05},
	date = {2017-05-22},
	journal = {PLOS ONE},
	pages = {e0177675},
	volume = {12},
	number = {5},
	doi = {10.1371/journal.pone.0177675},
	url = {http://journals.plos.org/plosone/article?id=10.1371/journal.pone.0177675},
	note = {Citation Key: goldansaz2017
00000}
}

@article{allam-ndoul2016,
	title = {Association between Metabolite Profiles, Metabolic Syndrome and Obesity Status},
	author = {{Allam-Ndoul}, {Bénédicte} and {Guénard}, {Frédéric} and {Garneau}, {Véronique} and {Cormier}, {Hubert} and {Barbier}, {Olivier} and {Pérusse}, {Louis} and {Vohl}, {Marie-Claude}},
	year = {2016},
	month = {05},
	date = {2016-05-27},
	journal = {Nutrients},
	pages = {324},
	volume = {8},
	number = {6},
	doi = {10.3390/nu8060324},
	url = {http://www.mdpi.com/2072-6643/8/6/324},
	note = {Citation Key: allam-ndoul2016
00003},
	langid = {en}
}

@article{jones2012,
	title = {Nutritional Metabolomics: Progress in Addressing Complexity in Diet and Health},
	author = {{Jones}, {Dean P.} and {Park}, {Youngja} and {Ziegler}, {Thomas R.}},
	year = {2012},
	date = {2012},
	journal = {Annual Review of Nutrition},
	pages = {183--202},
	volume = {32},
	number = {1},
	doi = {10.1146/annurev-nutr-072610-145159},
	url = {https://doi.org/10.1146/annurev-nutr-072610-145159},
	note = {PMID: 22540256}
}

@article{müller2020a,
	title = {From a {\textquotedblleft}Metabolomics fashion{\textquotedblright} to a sound application of metabolomics in research on human nutrition},
	author = {{Müller}, {Manfred J.} and {Bosy-Westphal}, {Anja}},
	year = {2020},
	month = {12},
	date = {2020-12},
	journal = {European Journal of Clinical Nutrition},
	pages = {1619--1629},
	volume = {74},
	number = {12},
	doi = {10.1038/s41430-020-00781-6},
	url = {http://www.nature.com/articles/s41430-020-00781-6},
	note = {Number: 12
Publisher: Nature Publishing Group},
	langid = {en}
}

@article{spratlin2009,
	title = {Clinical Applications of Metabolomics in Oncology: A Review},
	author = {{Spratlin}, {Jennifer L.} and {Serkova}, {Natalie J.} and {Eckhardt}, {S. Gail}},
	year = {2009},
	month = {01},
	date = {2009-01-15},
	journal = {Clinical Cancer Research},
	pages = {431--440},
	volume = {15},
	number = {2},
	doi = {10.1158/1078-0432.CCR-08-1059},
	url = {http://clincancerres.aacrjournals.org/content/15/2/431},
	note = {PMID: 19147747},
	langid = {en}
}

@article{cheng2017,
	title = {Potential Impact and Study Considerations of Metabolomics in Cardiovascular Health and Disease: A Scientific Statement From the American Heart Association},
	author = {{Cheng}, {Susan} and {Shah}, {Svati H.} and {Corwin}, {Elizabeth J.} and {Fiehn}, {Oliver} and {Fitzgerald}, {Robert L.} and {Gerszten}, {Robert E.} and {Illig}, {Thomas} and {Rhee}, {Eugene P.} and {Srinivas}, {Pothur R.} and {Wang}, {Thomas J.} and {Jain}, {Mohit}},
	year = {2017},
	month = {04},
	date = {2017-04-01},
	journal = {Circulation: Cardiovascular Genetics},
	pages = {e000032},
	volume = {10},
	number = {2},
	doi = {10.1161/HCG.0000000000000032},
	url = {http://circgenetics.ahajournals.org/content/10/2/e000032},
	note = {Citation Key: cheng2017
00000 
PMID: 28360086},
	langid = {en}
}

@article{kennedy2018,
	title = {Metabolomics in the clinic: A review of the shared and unique features of untargeted metabolomics for clinical research and clinical testing},
	author = {{Kennedy}, {Adam D.} and {Wittmann}, {Bryan M.} and {Evans}, {Anne M.} and {Miller}, {Luke A. D.} and {Toal}, {Douglas R.} and {Lonergan}, {Shaun} and {Elsea}, {Sarah H.} and {Pappan}, {Kirk L.}},
	year = {2018},
	date = {2018},
	journal = {Journal of Mass Spectrometry},
	pages = {1143--1154},
	volume = {53},
	number = {11},
	doi = {10.1002/jms.4292},
	url = {https://onlinelibrary.wiley.com/doi/abs/10.1002/jms.4292},
	langid = {en}
}

@article{sumner2003,
	title = {Plant metabolomics: large-scale phytochemistry in the functional genomics era},
	author = {{Sumner}, {Lloyd W} and {Mendes}, {Pedro} and {Dixon}, {Richard A}},
	year = {2003},
	month = {03},
	date = {2003-03-01},
	journal = {Phytochemistry},
	pages = {817--836},
	series = {Plant Metabolomics},
	volume = {62},
	number = {6},
	doi = {10.1016/S0031-9422(02)00708-2},
	url = {http://www.sciencedirect.com/science/article/pii/S0031942202007082}
}

@article{jorge2016a,
	title = {Mass spectrometry as a quantitative tool in plant metabolomics},
	author = {{Jorge}, {Tiago F.} and {Mata}, {Ana T.} and {António}, {Carla}},
	year = {2016},
	month = {10},
	date = {2016-10-28},
	journal = {Phil. Trans. R. Soc. A},
	pages = {20150370},
	volume = {374},
	number = {2079},
	doi = {10.1098/rsta.2015.0370},
	url = {http://rsta.royalsocietypublishing.org/content/374/2079/20150370},
	note = {Citation Key: jorge2016a
00002 
PMID: 27644967},
	langid = {en}
}

@article{fessenden2016,
	title = {Metabolomics: Small molecules, single cells},
	author = {{Fessenden}, {Marissa}},
	year = {2016},
	month = {12},
	date = {2016-12-01},
	journal = {Nature},
	pages = {153--155},
	volume = {540},
	number = {7631},
	doi = {10.1038/540153a},
	url = {http://www.nature.com/nature/journal/v540/n7631/full/540153a.html},
	note = {Citation Key: fessenden2016
00000},
	langid = {en}
}

@article{zenobi2013,
	title = {Single-Cell Metabolomics: Analytical and Biological Perspectives},
	author = {{Zenobi}, {R.}},
	year = {2013},
	month = {12},
	date = {2013-12-06},
	journal = {Science},
	pages = {1243259},
	volume = {342},
	number = {6163},
	doi = {10.1126/science.1243259},
	url = {http://science.sciencemag.org/content/342/6163/1243259},
	note = {PMID: 24311695},
	langid = {en}
}

@article{ali2019a,
	title = {Single-cell metabolomics by mass spectrometry: Advances, challenges, and future applications},
	author = {{Ali}, {Ahmed} and {Abouleila}, {Yasmine} and {Shimizu}, {Yoshihiro} and {Hiyama}, {Eiso} and {Emara}, {Samy} and {Mashaghi}, {Alireza} and {Hankemeier}, {Thomas}},
	year = {2019},
	month = {11},
	date = {2019-11-01},
	journal = {TrAC Trends in Analytical Chemistry},
	pages = {115436},
	volume = {120},
	doi = {10.1016/j.trac.2019.02.033},
	url = {http://www.sciencedirect.com/science/article/pii/S0165993618303133},
	langid = {en}
}

@article{kapoore2016b,
	title = {Towards quantitative mass spectrometry-based metabolomics in microbial and mammalian systems},
	author = {{Kapoore}, {Rahul Vijay} and {Vaidyanathan}, {Seetharaman}},
	year = {2016},
	month = {10},
	date = {2016-10-28},
	journal = {Phil. Trans. R. Soc. A},
	pages = {20150363},
	volume = {374},
	number = {2079},
	doi = {10.1098/rsta.2015.0363},
	url = {http://rsta.royalsocietypublishing.org/content/374/2079/20150363},
	note = {Citation Key: kapoore2016b
00000 
PMID: 27644979},
	langid = {en}
}

@article{jorge2016aa,
	title = {Mass spectrometry as a quantitative tool in plant metabolomics},
	author = {{Jorge}, {Tiago F.} and {Mata}, {Ana T.} and {António}, {Carla}},
	year = {2016},
	month = {10},
	date = {2016-10-28},
	journal = {Phil. Trans. R. Soc. A},
	pages = {20150370},
	volume = {374},
	number = {2079},
	doi = {10.1098/rsta.2015.0370},
	url = {http://rsta.royalsocietypublishing.org/content/374/2079/20150370},
	note = {Citation Key: jorge2016a
00002 
PMID: 27644967},
	langid = {en}
}

@article{siskos2017,
	title = {Interlaboratory Reproducibility of a Targeted Metabolomics Platform for Analysis of Human Serum and Plasma},
	author = {{Siskos}, {Alexandros P.} and {Jain}, {Pooja} and {Römisch-Margl}, {Werner} and {Bennett}, {Mark} and {Achaintre}, {David} and {Asad}, {Yasmin} and {Marney}, {Luke} and {Richardson}, {Larissa} and {Koulman}, {Albert} and {Griffin}, {Julian L.} and {Raynaud}, {Florence} and {Scalbert}, {Augustin} and {Adamski}, {Jerzy} and {Prehn}, {Cornelia} and {Keun}, {Hector C.}},
	year = {2017},
	month = {01},
	date = {2017-01-03},
	journal = {Analytical Chemistry},
	pages = {656--665},
	volume = {89},
	number = {1},
	doi = {10.1021/acs.analchem.6b02930},
	url = {https://doi.org/10.1021/acs.analchem.6b02930}
}

@article{lu2017,
	title = {Metabolite Measurement: Pitfalls to Avoid and Practices to Follow},
	author = {{Lu}, {Wenyun} and {Su}, {Xiaoyang} and {Klein}, {Matthias S.} and {Lewis}, {Ian A.} and {Fiehn}, {Oliver} and {Rabinowitz}, {Joshua D.}},
	year = {2017},
	date = {2017},
	journal = {Annual Review of Biochemistry},
	pages = {277--304},
	volume = {86},
	number = {1},
	doi = {10.1146/annurev-biochem-061516-044952},
	url = {https://doi.org/10.1146/annurev-biochem-061516-044952},
	note = {Citation Key: lu2017
00000 
PMID: 28654323}
}

@article{kim2020,
	title = {Systematic re-evaluation of the long-used standard protocol of urease-dependent metabolome sample preparation},
	author = {{Kim}, {Jungyeon} and {Ahn}, {Joong Kyong} and {Cheong}, {Yu Eun} and {Lee}, {Sung-Joon} and {Cha}, {Hoon-Suk} and {Kim}, {Kyoung Heon}},
	year = {2020},
	date = {2020},
	journal = {PloS One},
	pages = {e0230072},
	volume = {15},
	number = {3},
	doi = {10.1371/journal.pone.0230072},
	note = {PMID: 32182259
PMCID: PMC7077817},
	langid = {eng}
}

@article{bennett2009,
	title = {Absolute metabolite concentrations and implied enzyme active site occupancy in Escherichia coli},
	author = {{Bennett}, {Bryson D.} and {Kimball}, {Elizabeth H.} and {Gao}, {Melissa} and {Osterhout}, {Robin} and {Van Dien}, {Stephen J.} and {Rabinowitz}, {Joshua D.}},
	year = {2009},
	month = {08},
	date = {2009-08},
	journal = {Nature Chemical Biology},
	pages = {593--599},
	volume = {5},
	number = {8},
	doi = {10.1038/nchembio.186},
	url = {https://www.nature.com/nchembio/journal/v5/n8/full/nchembio.186.html},
	note = {Citation Key: bennett2009
00854},
	langid = {en}
}

@article{sitnikov2016,
	title = {Systematic Assessment of Seven Solvent and Solid-Phase Extraction Methods for Metabolomics Analysis of Human Plasma by LC-MS},
	author = {{Sitnikov}, {Dmitri G.} and {Monnin}, {Cian S.} and {Vuckovic}, {Dajana}},
	year = {2016},
	month = {12},
	date = {2016-12-21},
	journal = {Scientific Reports},
	volume = {6},
	doi = {10.1038/srep38885},
	url = {http://www.ncbi.nlm.nih.gov/pmc/articles/PMC5175266/},
	note = {Citation Key: sitnikov2016
00000 
PMID: 28000704
PMCID: PMC5175266}
}

@article{luo2017a,
	title = {Metabolomics of Small Numbers of Cells: Metabolomic Profiling of 100, 1000, and 10000 Human Breast Cancer Cells},
	author = {{Luo}, {Xian} and {Li}, {Liang}},
	year = {2017},
	month = {11},
	date = {2017-11-07},
	journal = {Analytical Chemistry},
	pages = {11664--11671},
	volume = {89},
	number = {21},
	doi = {10.1021/acs.analchem.7b03100},
	url = {http://dx.doi.org/10.1021/acs.analchem.7b03100},
	note = {Citation Key: luo2017a
00001}
}

@article{mahmud2017,
	title = {Comparison of global metabolite extraction strategies for soybeans using UHPLC-HRMS},
	author = {{Mahmud}, {Iqbal} and {Sternberg}, {Sandi} and {Williams}, {Michael} and {Garrett}, {Timothy J.}},
	year = {2017},
	month = {10},
	date = {2017-10-01},
	journal = {Analytical and Bioanalytical Chemistry},
	pages = {6173--6180},
	volume = {409},
	number = {26},
	doi = {10.1007/s00216-017-0557-6},
	url = {https://link.springer.com/article/10.1007/s00216-017-0557-6},
	langid = {en}
}

@article{miyagawa2019,
	title = {Comparison of sequential derivatization with concurrent methods for GC/MS-based metabolomics},
	author = {{Miyagawa}, {Hiromi} and {Bamba}, {Takeshi}},
	year = {2019},
	month = {02},
	date = {2019-02-01},
	journal = {Journal of Bioscience and Bioengineering},
	pages = {160--168},
	volume = {127},
	number = {2},
	doi = {10.1016/j.jbiosc.2018.07.015},
	url = {http://www.sciencedirect.com/science/article/pii/S1389172317312574}
}

@article{miyagawa2019,
	title = {Comparison of sequential derivatization with concurrent methods for GC/MS-based metabolomics},
	author = {{Miyagawa}, {Hiromi} and {Bamba}, {Takeshi}},
	year = {2019},
	month = {02},
	date = {2019-02-01},
	journal = {Journal of Bioscience and Bioengineering},
	pages = {160--168},
	volume = {127},
	number = {2},
	doi = {10.1016/j.jbiosc.2018.07.015},
	url = {http://www.sciencedirect.com/science/article/pii/S1389172317312574}
}

@article{laparre2017,
	title = {Impact of storage conditions on the urinary metabolomics fingerprint},
	author = {{Laparre}, {Jérôme} and {Kaabia}, {Zied} and {Mooney}, {Mark} and {Buckley}, {Tom} and {Sherry}, {Mark} and {Le Bizec}, {Bruno} and {Dervilly-Pinel}, {Gaud}},
	year = {2017},
	month = {01},
	date = {2017-01-25},
	journal = {Analytica Chimica Acta},
	pages = {99--107},
	volume = {951},
	doi = {10.1016/j.aca.2016.11.055},
	url = {http://www.sciencedirect.com/science/article/pii/S0003267016314052},
	note = {Citation Key: laparre2017
00000}
}

@article{wandro2017,
	title = {Making It Last: Storage Time and Temperature Have Differential Impacts on Metabolite Profiles of Airway Samples from Cystic Fibrosis Patients},
	author = {{Wandro}, {Stephen} and {Carmody}, {Lisa} and {Gallagher}, {Tara} and {LiPuma}, {John J.} and {Whiteson}, {Katrine}},
	year = {2017},
	month = {11},
	date = {2017-11-28},
	journal = {mSystems},
	volume = {2},
	number = {6},
	doi = {10.1128/mSystems.00100-17},
	url = {https://www.ncbi.nlm.nih.gov/pmc/articles/PMC5705791/},
	note = {PMID: 29202048
PMCID: PMC5705791}
}

@article{yu2020,
	title = {Metabolic profile of fish muscle tissue changes with sampling method, storage strategy and time},
	author = {{Yu}, {Miao} and {Lendor}, {Sofia} and {Roszkowska}, {Anna} and {Olkowicz}, {Mariola} and {Bragg}, {Leslie} and {Servos}, {Mark} and {Pawliszyn}, {Janusz}},
	year = {2020},
	month = {11},
	date = {2020-11-01},
	journal = {Analytica Chimica Acta},
	pages = {42--50},
	volume = {1136},
	doi = {10.1016/j.aca.2020.08.050},
	url = {http://www.sciencedirect.com/science/article/pii/S0003267020308898},
	langid = {en}
}

@article{lin2007,
	title = {Evaluation of metabolite extraction strategies from tissue samples using NMR metabolomics},
	author = {{Lin}, {Ching Yu} and {Wu}, {Huifeng} and {Tjeerdema}, {Ronald S.} and {Viant}, {Mark R.}},
	year = {2007},
	month = {03},
	date = {2007-03-01},
	journal = {Metabolomics},
	pages = {55--67},
	volume = {3},
	number = {1},
	doi = {10.1007/s11306-006-0043-1},
	url = {https://doi.org/10.1007/s11306-006-0043-1},
	langid = {en}
}

@article{roszkowska2018,
	title = {Tissue storage affects lipidome profiling in comparison to in vivo microsampling approach},
	author = {{Roszkowska}, {Anna} and {Yu}, {Miao} and {Bessonneau}, {Vincent} and {Bragg}, {Leslie} and {Servos}, {Mark} and {Pawliszyn}, {Janusz}},
	year = {2018},
	month = {05},
	date = {2018-05-03},
	journal = {Scientific Reports},
	pages = {6980},
	volume = {8},
	number = {1},
	doi = {10.1038/s41598-018-25428-2},
	url = {https://www.nature.com/articles/s41598-018-25428-2},
	langid = {en}
}

@article{zubeldia-varela2020,
	title = {Sample pre-treatment procedures for the omics analysis of human gut microbiota: Turning points, tips and tricks for gene sequencing and metabolomics},
	author = {{Zubeldia-Varela}, {Elisa} and {Barber}, {Domingo} and {Barbas}, {Coral} and {Perez-Gordo}, {Marina} and {Rojo}, {David}},
	year = {2020},
	month = {11},
	date = {2020-11-30},
	journal = {Journal of Pharmaceutical and Biomedical Analysis},
	pages = {113592},
	volume = {191},
	doi = {10.1016/j.jpba.2020.113592},
	url = {http://www.sciencedirect.com/science/article/pii/S0731708520314783},
	langid = {en}
}

@article{hernandes2017,
	title = {A review of blood sample handling and pre-processing for metabolomics studies},
	author = {{Hernandes}, {Vinicius Veri} and {Barbas}, {Coral} and {Dudzik}, {Danuta}},
	year = {2017},
	month = {09},
	date = {2017-09-01},
	journal = {ELECTROPHORESIS},
	pages = {2232--2241},
	volume = {38},
	number = {18},
	doi = {10.1002/elps.201700086},
	url = {http://onlinelibrary.wiley.com/doi/10.1002/elps.201700086/abstract},
	note = {Citation Key: hernandes2017
00003},
	langid = {en}
}

@article{laparre2017a,
	title = {Impact of storage conditions on the urinary metabolomics fingerprint},
	author = {{Laparre}, {Jérôme} and {Kaabia}, {Zied} and {Mooney}, {Mark} and {Buckley}, {Tom} and {Sherry}, {Mark} and {Le Bizec}, {Bruno} and {Dervilly-Pinel}, {Gaud}},
	year = {2017},
	month = {01},
	date = {2017-01-25},
	journal = {Analytica Chimica Acta},
	pages = {99--107},
	volume = {951},
	doi = {10.1016/j.aca.2016.11.055},
	url = {http://www.sciencedirect.com/science/article/pii/S0003267016314052},
	note = {Citation Key: laparre2017
00000}
}

@article{gil2015,
	title = {Stability of energy metabolites{\textemdash}An often overlooked issue in metabolomics studies: A review},
	author = {{Gil}, {Andres} and {Siegel}, {David} and {Permentier}, {Hjalmar} and {Reijngoud}, {Dirk-Jan} and {Dekker}, {Frank} and {Bischoff}, {Rainer}},
	year = {2015},
	month = {09},
	date = {2015-09-01},
	journal = {ELECTROPHORESIS},
	pages = {2156--2169},
	volume = {36},
	number = {18},
	doi = {10.1002/elps.201500031},
	url = {https://onlinelibrary.wiley.com/doi/abs/10.1002/elps.201500031},
	langid = {en}
}

@article{ibanez2017,
	title = {GC-MS based metabolomics of colon cancer cells using different extraction solvents},
	author = {{Ibáñez}, {Clara} and {Simó}, {Carolina} and {Palazoglu}, {Mine} and {Cifuentes}, {Alejandro}},
	year = {2017},
	month = {09},
	date = {2017-09-15},
	journal = {Analytica Chimica Acta},
	pages = {48--56},
	volume = {986},
	doi = {10.1016/j.aca.2017.07.019},
	url = {http://www.sciencedirect.com/science/article/pii/S0003267017308231},
	note = {Citation Key: ibanez2017
00000}
}

@article{bijttebier2016,
	title = {Bridging the gap between comprehensive extraction protocols in plant metabolomics studies and method validation},
	author = {{Bijttebier}, {Sebastiaan} and {Van der Auwera}, {Anastasia} and {Foubert}, {Kenn} and {Voorspoels}, {Stefan} and {Pieters}, {Luc} and {Apers}, {Sandra}},
	year = {2016},
	month = {09},
	date = {2016-09-07},
	journal = {Analytica Chimica Acta},
	pages = {136--150},
	volume = {935},
	doi = {10.1016/j.aca.2016.06.047},
	url = {http://www.sciencedirect.com/science/article/pii/S0003267016308108},
	note = {Citation Key: bijttebier2016
00000}
}

@article{loftfield2016,
	title = {Comparison of Collection Methods for Fecal Samples for Discovery Metabolomics in Epidemiologic Studies},
	author = {{Loftfield}, {Erikka} and {Vogtmann}, {Emily} and {Sampson}, {Joshua N.} and {Moore}, {Steven C.} and {Nelson}, {Heidi} and {Knight}, {Rob} and {Chia}, {Nicholas} and {Sinha}, {Rashmi}},
	year = {2016},
	month = {11},
	date = {2016-11-01},
	journal = {Cancer Epidemiology and Prevention Biomarkers},
	pages = {1483--1490},
	volume = {25},
	number = {11},
	doi = {10.1158/1055-9965.EPI-16-0409},
	url = {http://cebp.aacrjournals.org/content/25/11/1483},
	note = {Citation Key: loftfield2016
00000 
PMID: 27543620},
	langid = {en}
}

@article{deda2017,
	title = {Sample preparation optimization in fecal metabolic profiling},
	author = {{Deda}, {Olga} and {Chatziioannou}, {Anastasia Chrysovalantou} and {Fasoula}, {Stella} and {Palachanis}, {Dimitris} and {Raikos}, {{N}icolaos} and {Theodoridis}, {Georgios A.} and {Gika}, {Helen G.}},
	year = {2017},
	month = {03},
	date = {2017-03-15},
	journal = {Journal of Chromatography B},
	pages = {115--123},
	series = {Advances in mass spectrometry-based applications},
	volume = {1047},
	doi = {10.1016/j.jchromb.2016.06.047},
	url = {http://www.sciencedirect.com/science/article/pii/S1570023216304457},
	note = {Citation Key: deda2017
00002}
}

@article{najdekr2016,
	title = {Influence of Mass Resolving Power in Orbital Ion-Trap Mass Spectrometry-Based Metabolomics},
	author = {{Najdekr}, {Luká{\v{s}}} and {Friedecký}, {David} and {Tautenhahn}, {Ralf} and {Pluskal}, {Tomá{\v{s}}} and {Wang}, {Junhua} and {Huang}, {Yingying} and {Adam}, {Tomá{\v{s}}}},
	year = {2016},
	month = {12},
	date = {2016-12-06},
	journal = {Analytical Chemistry},
	pages = {11429--11435},
	volume = {88},
	number = {23},
	doi = {10.1021/acs.analchem.6b02319},
	url = {http://dx.doi.org/10.1021/acs.analchem.6b02319},
	note = {Citation Key: najdekr2016
00001}
}

@article{barbiersainthilaire2018,
	title = {Evaluation of the High-Field Orbitrap Fusion for Compound Annotation in Metabolomics},
	author = {{Barbier Saint Hilaire}, {Pierre} and {Hohenester}, {Ulli M.} and {Colsch}, {Benoit} and {Tabet}, {Jean-Claude} and {Junot}, {Christophe} and {Fenaille}, {François}},
	year = {2018},
	month = {03},
	date = {2018-03-06},
	journal = {Analytical Chemistry},
	pages = {3030--3035},
	volume = {90},
	number = {5},
	doi = {10.1021/acs.analchem.7b05372},
	url = {https://doi.org/10.1021/acs.analchem.7b05372}
}

@article{zhao2020,
	title = {Chemical derivatization in LC-MS-based metabolomics study},
	author = {{Zhao}, {Shuang} and {Li}, {Liang}},
	year = {2020},
	month = {10},
	date = {2020-10-01},
	journal = {TrAC Trends in Analytical Chemistry},
	pages = {115988},
	volume = {131},
	doi = {10.1016/j.trac.2020.115988},
	url = {http://www.sciencedirect.com/science/article/pii/S016599362030217X},
	langid = {en}
}

@article{zhang2012,
	title = {Modern analytical techniques in metabolomics analysis},
	author = {{Zhang}, {Aihua} and {Sun}, {Hui} and {Wang}, {Ping} and {Han}, {Ying} and {Wang}, {Xijun}},
	year = {2012},
	date = {2012},
	journal = {The Analyst},
	pages = {293--300},
	volume = {137},
	number = {2},
	doi = {10.1039/C1AN15605E},
	url = {http://xlink.rsc.org/?DOI=C1AN15605E},
	langid = {en}
}

@article{ghaste2016,
	title = {Applications of Fourier Transform Ion Cyclotron Resonance (FT-ICR) and Orbitrap Based High Resolution Mass Spectrometry in Metabolomics and Lipidomics},
	author = {{Ghaste}, {Manoj} and {Mistrik}, {Robert} and {Shulaev}, {Vladimir}},
	year = {2016},
	month = {05},
	date = {2016-05-25},
	journal = {International Journal of Molecular Sciences},
	volume = {17},
	number = {6},
	doi = {10.3390/ijms17060816},
	url = {http://www.ncbi.nlm.nih.gov/pmc/articles/PMC4926350/},
	note = {Citation Key: ghaste2016
00009 
PMID: 27231903
PMCID: PMC4926350}
}

@article{hansen2018,
	title = {High-Spatial Resolution Mass Spectrometry Imaging: Toward Single Cell Metabolomics in Plant Tissues},
	author = {{Hansen}, {Rebecca L.} and {Lee}, {Young Jin}},
	year = {2018},
	month = {01},
	date = {2018-01-01},
	journal = {The Chemical Record},
	pages = {65--77},
	volume = {18},
	number = {1},
	doi = {10.1002/tcr.201700027},
	url = {http://onlinelibrary.wiley.com/doi/10.1002/tcr.201700027/abstract},
	langid = {en}
}

@article{hansen2018a,
	title = {High-Spatial Resolution Mass Spectrometry Imaging: Toward Single Cell Metabolomics in Plant Tissues},
	author = {{Hansen}, {Rebecca L.} and {Lee}, {Young Jin}},
	year = {2018},
	month = {01},
	date = {2018-01-01},
	journal = {The Chemical Record},
	pages = {65--77},
	volume = {18},
	number = {1},
	doi = {10.1002/tcr.201700027},
	url = {http://onlinelibrary.wiley.com/doi/10.1002/tcr.201700027/abstract},
	langid = {en}
}

@article{broadhurst2018,
	title = {Guidelines and considerations for the use of system suitability and quality control samples in mass spectrometry assays applied in untargeted clinical metabolomic studies},
	author = {{Broadhurst}, {David} and {Goodacre}, {Royston} and {Reinke}, {Stacey N.} and {Kuligowski}, {Julia} and {Wilson}, {Ian D.} and {Lewis}, {Matthew R.} and {Dunn}, {Warwick B.}},
	year = {2018},
	date = {2018},
	journal = {Metabolomics},
	volume = {14},
	number = {6},
	doi = {10.1007/s11306-018-1367-3},
	url = {https://www.ncbi.nlm.nih.gov/pmc/articles/PMC5960010/},
	note = {PMID: 29805336
PMCID: PMC5960010}
}

@article{miggiels2019,
	title = {Novel technologies for metabolomics: More for less},
	author = {{Miggiels}, {Paul} and {Wouters}, {Bert} and {van Westen}, {Gerard J. P.} and {Dubbelman}, {Anne-Charlotte} and {Hankemeier}, {Thomas}},
	year = {2019},
	month = {11},
	date = {2019-11-01},
	journal = {TrAC Trends in Analytical Chemistry},
	pages = {115323},
	volume = {120},
	doi = {10.1016/j.trac.2018.11.021},
	url = {http://www.sciencedirect.com/science/article/pii/S0165993618302255},
	langid = {en}
}

@article{yu2017a,
	title = {Evaluation and reduction of the analytical uncertainties in GC-MS analysis using a boundary regression model},
	author = {{Yu}, {Miao} and {Hou}, {Xingwang} and {Liu}, {Qian} and {Wang}, {Yawei} and {Liu}, {Jiyan} and {Jiang}, {Guibin}},
	year = {2017},
	month = {03},
	date = {2017-03-01},
	journal = {Talanta},
	pages = {141--147},
	volume = {164},
	doi = {10.1016/j.talanta.2016.11.046},
	url = {http://www.sciencedirect.com/science/article/pii/S0039914016309298},
	note = {Citation Key: yu2017
00000}
}

@article{calbiani2006,
	title = {Matrix effects on accurate mass measurements of low-molecular weight compounds using liquid chromatography-electrospray-quadrupole time-of-flight mass spectrometry},
	author = {{Calbiani}, {F.} and {Careri}, {M.} and {Elviri}, {L.} and {Mangia}, {A.} and {Zagnoni}, {I.}},
	year = {2006},
	month = {03},
	date = {2006-03-01},
	journal = {Journal of Mass Spectrometry},
	pages = {289--294},
	volume = {41},
	number = {3},
	doi = {10.1002/jms.984},
	url = {http://onlinelibrary.wiley.com/doi/10.1002/jms.984/abstract},
	note = {Citation Key: calbiani2006
00028},
	langid = {en}
}


@article{yang2019b,
  title = {{{MassComp}}, a Lossless Compressor for Mass Spectrometry Data},
  author = {Yang, Ruochen and Chen, Xi and Ochoa, Idoia},
  year = {2019},
  month = jul,
  volume = {20},
  pages = {368},
  issn = {1471-2105},
  doi = {10.1186/s12859-019-2962-7},
  journal = {BMC Bioinformatics},
  number = {1}
}





@article{rusconi2019,
  title = {{{mineXpert}}: {{Biological Mass Spectrometry Data Visualization}} and {{Mining}} with {{Full JavaScript Ability}}},
  shorttitle = {{{mineXpert}}},
  author = {Rusconi, Filippo},
  year = {2019},
  month = may,
  volume = {18},
  pages = {2254--2259},
  publisher = {{American Chemical Society}},
  issn = {1535-3893},
  doi = {10.1021/acs.jproteome.9b00099},
  journal = {Journal of Proteome Research},
  number = {5}
}





@article{smith2006,
  title = {{{XCMS}}:\, {{Processing Mass Spectrometry Data}} for {{Metabolite Profiling Using Nonlinear Peak Alignment}}, {{Matching}}, and {{Identification}}},
  shorttitle = {{{XCMS}}},
  author = {Smith, Colin A. and Want, Elizabeth J. and O'Maille, Grace and Abagyan, Ruben and Siuzdak, Gary},
  year = {2006},
  month = feb,
  volume = {78},
  pages = {779--787},
  issn = {0003-2700},
  doi = {10.1021/ac051437y},
  annotation = {01764},
  journal = {Analytical Chemistry},
  number = {3}
}





@article{tautenhahn2008,
  title = {Highly Sensitive Feature Detection for High Resolution {{LC}}/{{MS}}},
  author = {Tautenhahn, Ralf and B{\"o}ttcher, Christoph and Neumann, Steffen},
  year = {2008},
  volume = {9},
  pages = {504},
  issn = {1471-2105},
  doi = {10.1186/1471-2105-9-504},
  annotation = {00345},
  journal = {BMC Bioinformatics}
}





@article{fu2017,
  title = {Mass-Spectra-Based Peak Alignment for Automatic Nontargeted Metabolic Profiling Analysis for Biomarker Screening in Plant Samples},
  author = {Fu, Hai-Yan and Hu, Ou and Zhang, Yue-Ming and Zhang, Li and Song, Jing-Jing and Lu, Peang and Zheng, Qing-Xia and Liu, Ping-Ping and Chen, Qian-Si and Wang, Bing and Wang, Xiao-Yu and Han, Lu and Yu, Yong-Jie},
  year = {2017},
  month = sep,
  volume = {1513},
  pages = {201--209},
  issn = {0021-9673},
  doi = {10.1016/j.chroma.2017.07.044},
  annotation = {00000},
  journal = {Journal of Chromatography A},
  keywords = {Automatic data mining,biomarker,Complicated sample analysis,Nontargeted metabolic profiling,Plant sample},
  number = {Supplement C}
}




@article{chokkathukalam2013,
	title = {mzMatch{\textendash}ISO: an R tool for the annotation and relative quantification of isotope-labelled mass spectrometry data},
	author = {{Chokkathukalam}, {Achuthanunni} and {Jankevics}, {Andris} and {Creek}, {Darren J.} and {Achcar}, {Fiona} and {Barrett}, {Michael P.} and {Breitling}, {Rainer}},
	year = {2013},
	month = {01},
	date = {2013-01-15},
	journal = {Bioinformatics},
	pages = {281--283},
	volume = {29},
	number = {2},
	doi = {10.1093/bioinformatics/bts674},
	url = {https://academic.oup.com/bioinformatics/article/29/2/281/203497},
	langid = {en}
}

@article{scheltema2011,
	title = {PeakML/mzMatch: A File Format, Java Library, R Library, and Tool-Chain for Mass Spectrometry Data Analysis},
	author = {{Scheltema}, {Richard A.} and {Jankevics}, {Andris} and {Jansen}, {Ritsert C.} and {Swertz}, {Morris A.} and {Breitling}, {Rainer}},
	year = {2011},
	month = {04},
	date = {2011-04-01},
	journal = {Analytical Chemistry},
	pages = {2786--2793},
	volume = {83},
	number = {7},
	doi = {10.1021/ac2000994},
	url = {https://doi.org/10.1021/ac2000994}
}

@article{vanderkloet2009,
	title = {Analytical Error Reduction Using Single Point Calibration for Accurate and Precise Metabolomic Phenotyping},
	author = {{van der Kloet}, {Frans M.} and {Bobeldijk}, {Ivana} and {Verheij}, {Elwin R.} and {Jellema}, {Renger H.}},
	year = {2009},
	month = {11},
	date = {2009-11-06},
	journal = {Journal of Proteome Research},
	pages = {5132--5141},
	volume = {8},
	number = {11},
	doi = {10.1021/pr900499r},
	url = {http://dx.doi.org/10.1021/pr900499r},
	note = {Citation Key: vanderkloet2009
00115}
}

@article{kuligowski2015,
	title = {Intra-batch effect correction in liquid chromatography-mass spectrometry using quality control samples and support vector regression (QC-SVRC)},
	author = {{Kuligowski}, {Julia} and {Sánchez-Illana}, {Ángel} and {Sanjuán-Herráez}, {Daniel} and {Vento}, {Máximo} and {Quintás}, {Guillermo}},
	year = {2015},
	month = {10},
	date = {2015-10-26},
	journal = {Analyst},
	pages = {7810--7817},
	volume = {140},
	number = {22},
	doi = {10.1039/C5AN01638J},
	url = {http://pubs.rsc.org/en/content/articlelanding/2015/an/c5an01638j},
	note = {Citation Key: kuligowski2015
00003},
	langid = {en}
}

@article{cai2017,
	title = {Network Marker Selection for Untargeted LC{\textendash}MS Metabolomics Data},
	author = {{Cai}, {Qingpo} and {Alvarez}, {Jessica A.} and {Kang}, {Jian} and {Yu}, {Tianwei}},
	year = {2017},
	month = {03},
	date = {2017-03-03},
	journal = {Journal of Proteome Research},
	pages = {1261--1269},
	volume = {16},
	number = {3},
	doi = {10.1021/acs.jproteome.6b00861},
	url = {http://dx.doi.org/10.1021/acs.jproteome.6b00861},
	note = {Citation Key: cai2017
00000}
}

@article{ortmayr2016a,
	title = {Uncertainty budgeting in fold change determination and implications for non-targeted metabolomics studies in model systems},
	author = {{Ortmayr}, {Karin} and {Charwat}, {Verena} and {Kasper}, {Cornelia} and {Hann}, {Stephan} and {Koellensperger}, {Gunda}},
	year = {2016},
	month = {12},
	date = {2016-12-19},
	pages = {80--90},
	volume = {142},
	number = {1},
	doi = {10.1039/C6AN01342B},
	url = {http://pubs.rsc.org/en/content/articlelanding/2017/an/c6an01342b},
	note = {Citation Key: ortmayr2016a
00000},
	langid = {en}
}

@article{haug2017,
	title = {Global open data management in metabolomics},
	author = {{Haug}, {Kenneth} and {Salek}, {Reza M} and {Steinbeck}, {Christoph}},
	year = {2017},
	month = {02},
	date = {2017-02},
	journal = {Current Opinion in Chemical Biology},
	pages = {58--63},
	series = {Omics},
	volume = {36},
	doi = {10.1016/j.cbpa.2016.12.024},
	url = {http://www.sciencedirect.com/science/article/pii/S1367593116302083},
	note = {Citation Key: haug2017
00001}
}

@article{guitton2017,
	title = {Create, run, share, publish, and reference your LC{\textendash}MS, FIA{\textendash}MS, GC{\textendash}MS, and NMR data analysis workflows with the Workflow4Metabolomics 3.0 Galaxy online infrastructure for metabolomics},
	author = {{Guitton}, {Yann} and {Tremblay-Franco}, {Marie} and {Le Corguillé}, {Gildas} and {Martin}, {Jean-François} and {Pétéra}, {Mélanie} and {Roger-Mele}, {Pierrick} and {Delabrière}, {Alexis} and {Goulitquer}, {Sophie} and {Monsoor}, {Misharl} and {Duperier}, {Christophe} and {Canlet}, {Cécile} and {Servien}, {Rémi} and {Tardivel}, {Patrick} and {Caron}, {Christophe} and {Giacomoni}, {Franck} and {Thévenot}, {Etienne A.}},
	year = {2017},
	month = {12},
	date = {2017-12-01},
	journal = {The International Journal of Biochemistry & Cell Biology},
	pages = {89--101},
	volume = {93},
	number = {Supplement C},
	doi = {10.1016/j.biocel.2017.07.002},
	url = {http://www.sciencedirect.com/science/article/pii/S1357272517301577}
}

@article{lakhani2019,
	title = {Repurposing large health insurance claims data to estimate genetic and environmental contributions in 560 phenotypes},
	author = {{Lakhani}, {Chirag M.} and {Tierney}, {Braden T.} and {Manrai}, {Arjun K.} and {Yang}, {Jian} and {Visscher}, {Peter M.} and {Patel}, {Chirag J.}},
	year = {2019},
	month = {01},
	date = {2019-01-14},
	journal = {Nature Genetics},
	pages = {1},
	doi = {10.1038/s41588-018-0313-7},
	url = {https://www.nature.com/articles/s41588-018-0313-7},
	langid = {En}
}

@article{polderman2015,
	title = {Meta-analysis of the heritability of human traits based on fifty years of twin studies},
	author = {{Polderman}, {Tinca J. C.} and {Benyamin}, {Beben} and {de Leeuw}, {Christiaan A.} and {Sullivan}, {Patrick F.} and {van Bochoven}, {Arjen} and {Visscher}, {Peter M.} and {Posthuma}, {Danielle}},
	year = {2015},
	month = {07},
	date = {2015-07},
	journal = {Nature Genetics},
	pages = {702--709},
	volume = {47},
	number = {7},
	doi = {10.1038/ng.3285},
	url = {https://www.nature.com/articles/ng.3285},
	langid = {en}
}
